<record xmlns="http://www.loc.gov/MARC21/slim" xmlns:xsi="http://www.w3.org/2001/XMLSchema-instance" xsi:schemaLocation="http://www.loc.gov/MARC21/slim http://www.loc.gov/standards/marcxml/schema/MARC21slim.xsd"><leader>01587nam a2200349   4500</leader><controlfield tag="001">001932736</controlfield><controlfield tag="003">NNU</controlfield><controlfield tag="006">m        d        </controlfield><controlfield tag="007">cr cn |||m|||a</controlfield><controlfield tag="008">150116m19879999ir      o     000 0 arar</controlfield><datafield ind1=" " ind2=" " tag="040"><subfield code="a">NNU</subfield><subfield code="b">eng</subfield><subfield code="c">NNU</subfield></datafield><datafield ind1="0" ind2="0" tag="050"><subfield code="a">B753</subfield><subfield code="b">.F31 1987</subfield></datafield><datafield ind1=" " ind2=" " tag="090"><subfield code="a">B753</subfield><subfield code="b">.F31 1987</subfield></datafield><datafield ind1="0" ind2=" " tag="100"><subfield code="a">F&#257;r&#257;b&#299;.</subfield></datafield><datafield ind1="1" ind2="3" tag="245"><subfield code="a">al-Man&#7789;iq&#299;y&#257;t lil-F&#257;r&#257;b&#299;</subfield><subfield code="h">[electronic resource] /</subfield><subfield code="c">&#7717;aqqaqah&#257; wa-qaddama lah&#257;, Mu&#7717;ammad Taq&#299; D&#257;nish&#697;pazh&#363;h ; ishr&#257;f, Ma&#7717;m&#363;d al-Mar&#699;ash&#299;.</subfield></datafield><datafield ind1=" " ind2=" " tag="250"><subfield code="a">al-&#7788;ab&#699;ah 1.</subfield></datafield><datafield ind1=" " ind2=" " tag="260"><subfield code="a">Qum :</subfield><subfield code="b">Maktabat &#256;yat All&#257;h al-&#699;U&#7827;m&#225; al-Mar&#699;ash&#299; al-Najaf&#299;,</subfield><subfield code="c">1408- [1987 or 1988- ]</subfield></datafield><datafield ind1=" " ind2=" " tag="300"><subfield code="a">online resource (v.)</subfield></datafield><datafield ind1=" " ind2=" " tag="500"><subfield code="a">Arabic; pref. in Persian.</subfield></datafield><datafield ind1=" " ind2=" " tag="500"><subfield code="a">Part of the Arabic Collections Online (ACO) project, contributed by New York Univeristy Libraries.</subfield></datafield><datafield ind1="1" ind2=" " tag="505"><subfield code="a">v. 1. al-Nu&#7779;&#363;&#7779; al-man&#7789;iq&#299;yah -- v. 2. al-Shur&#363;&#7717; al-man&#7789;iq&#299;yah -- al-mujallad 3. al-Shur&#363;&#7717; &#699;al&#225; al-nu&#7779;&#363;&#7779; al-man&#7789;iq&#299;yah</subfield></datafield><datafield ind1=" " ind2=" " tag="533"><subfield code="a">Electronic reproduction.</subfield><subfield code="b">New York, N.Y. :</subfield><subfield code="c">New York University,</subfield><subfield code="d">2015.</subfield><subfield code="5">NNU</subfield></datafield><datafield ind1=" " ind2="0" tag="650"><subfield code="a">Philosophy, Medieval.</subfield></datafield><datafield ind1=" " ind2="0" tag="650"><subfield code="a">Logic</subfield><subfield code="v">Early works to 1800.</subfield></datafield><datafield ind1="1" ind2=" " tag="700"><subfield code="a">Mar&#699;ash&#299;, Ma&#7717;m&#363;d.</subfield></datafield><datafield ind1="1" ind2=" " tag="700"><subfield code="a">D&#257;nish&#697;pazh&#363;h, Mu&#7717;ammad Taq&#299;.</subfield></datafield><datafield ind1="2" ind2=" " tag="710"><subfield code="a">New York University.</subfield><subfield code="b">Libraries.</subfield></datafield><datafield ind1="0" ind2=" " tag="730"><subfield code="a">Arabic Collections Online.</subfield></datafield><datafield ind1="0" ind2="8" tag="776"><subfield code="i">Print version:</subfield><subfield code="a">F&#257;r&#257;b&#299;.</subfield><subfield code="t">al-Man&#7789;iq&#299;y&#257;t lil-F&#257;r&#257;b&#299;</subfield><subfield code="w">(NNU)001932736</subfield><subfield code="w">(DLC)89930245</subfield></datafield><datafield ind1="4" ind2="0" tag="856"><subfield code="u">http://hdl.handle.net/2333.1/9kd51fd5</subfield></datafield><datafield ind1=" " ind2=" " tag="959"><subfield code="a">NNU</subfield><subfield code="b">WEB</subfield><subfield code="c">GENI</subfield><subfield code="t">0</subfield><subfield code="m">Electronic access</subfield><subfield code="s">01</subfield></datafield><datafield ind1=" " ind2=" " tag="999"><subfield code="i">NNU_001932736</subfield><subfield code="o" /><subfield code="e">(ERROR-880)</subfield></datafield></record>